% Latex author format is stupid: see https://texfaq.org/FAQ-manyauthor

@article{cite:1,
  title = {Voice Imitating Text-to-Speech Neural Networks},
  author = {Younggun Lee and Taesu Kim and Soo-Young Lee},
  month = jun,
  year = 2018,
}
@article{cite:2,
  title = {A Probabilistic Interpretation for Artificial Neural Network-based Voice Conversion},
  author = {Hsin-Te Hwang and Yu Tsao and others},
  journal = {PSIPA Annual Summit and Conference},
  month = dec,
  year = 2015,
}
@online{cite:3,
  author = {Librosa},
  title = {librosa.feature.melspectrogram},
  url = {https://librosa.github.io/librosa/generated/librosa.feature.melspectrogram.html},
}
@article{cite:4,
  author    = {Chao Li and Xiaokong Ma and Bing Jiang and Xiangang Li and Xuewei Zhang and Xiao Liu and Ying Cao and Ajay Kannan and Zhenyao Zhu},
  title     = {Deep Speaker: an End-to-End Neural Speaker Embedding System},
  journal   = {CoRR},
  volume    = {abs/1705.02304},
  year      = {2017},
  url       = {https://github.com/qqueing/DeepSpeaker-pytorch},
  timestamp = {Wed, 07 Jun 2017 14:41:04 +0200},
  biburl    = {http://dblp.org/rec/bib/journals/corr/LiMJLZLCKZ17},
  bibsource = {dblp computer science bibliography, http://dblp.org}
}
@online{cite:5,
  title = {VoxCeleb Dataset},
  url = {http://www.robots.ox.ac.uk/~vgg/data/voxceleb/},
}
@incollection{cite:6,
title	= {CNN Architectures for Large-Scale Audio Classification},
author	= {Shawn Hershey and Sourish Chaudhuri and Daniel P. W. Ellis and Jort F. Gemmeke and Aren Jansen and Channing Moore and Manoj Plakal and Devin Platt and Rif A. Saurous and Bryan Seybold and Malcolm Slaney and Ron Weiss and Kevin Wilson},
year	= {2017},
URL	= {https://arxiv.org/abs/1609.09430},
booktitle	= {International Conference on Acoustics, Speech and Signal Processing (ICASSP)}
}

@article{cite:7,
  title={Speaker Verification using Convolutional Neural Networks},
  author={Hossein Salehghaffari},
  month = mar,
  year= 2018,
  url = {https://arxiv.org/abs/1803.05427}
}

